<record><leader>00000cas a2200000 a 4500</leader><controlfield tag="001">10546997</controlfield><controlfield tag="008">840321d18961924ksuir ne      0   a0eng d</controlfield><datafield ind1=" " ind2=" " tag="010"><subfield code="a">sn 83041011 </subfield></datafield><datafield ind1=" " ind2=" " tag="040"><subfield code="a">KSH</subfield><subfield code="b">eng</subfield><subfield code="c">KSH</subfield><subfield code="d">NPT</subfield><subfield code="d">OCL</subfield><subfield code="d">OCLCQ</subfield></datafield><datafield ind1=" " ind2=" " tag="042"><subfield code="a">msc</subfield></datafield><datafield ind1=" " ind2=" " tag="043"><subfield code="a">n-us-ks</subfield></datafield><datafield ind1="0" ind2="4" tag="245"><subfield code="a">The Galena evening times.</subfield></datafield><datafield ind1=" " ind2=" " tag="260"><subfield code="a">Galena, Kan. :</subfield><subfield code="b">Cook &amp; Burke,</subfield><subfield code="c">1896-1924.</subfield></datafield><datafield ind1=" " ind2=" " tag="300"><subfield code="a">110 v. :</subfield><subfield code="b">ill. ;</subfield><subfield code="c">54-63 cm.</subfield></datafield><datafield ind1=" " ind2=" " tag="310"><subfield code="a">Triweekly,</subfield><subfield code="b">Sept. 18, 1923-June 17, 1924</subfield></datafield><datafield ind1=" " ind2=" " tag="321"><subfield code="a">Daily (except Sun.),</subfield><subfield code="b">Oct. 21, 1896-June 2, 1923</subfield></datafield><datafield ind1=" " ind2=" " tag="321"><subfield code="a">Semiweekly,</subfield><subfield code="b">June 5-Sept. 13, 1923</subfield></datafield><datafield ind1="0" ind2=" " tag="362"><subfield code="a">Vol. 1, no. 33 (Oct. 21, 1896)-v. 28, no. 91 (June 17, 1924).</subfield></datafield><datafield ind1=" " ind2=" " tag="500"><subfield code="a">Imprint varies.</subfield></datafield><datafield ind1=" " ind2=" " tag="530"><subfield code="a">Available on microfilm from Micro Photo.</subfield></datafield><datafield ind1=" " ind2=" " tag="752"><subfield code="a">United States</subfield><subfield code="b">Kansas</subfield><subfield code="c">Cherokee</subfield><subfield code="d">Galena.</subfield></datafield><datafield ind1="0" ind2="0" tag="780"><subfield code="t">Galena daily times</subfield><subfield code="w">(DLC)sn 83040641</subfield></datafield><datafield ind1="0" ind2="0" tag="785"><subfield code="t">Galena times (Galena, Kan. : 1924)</subfield><subfield code="w">(DLC)sn 83041069</subfield></datafield></record>